<?xml version="1.0" encoding="UTF-8"?><collection xmlns="http://www.loc.gov/MARC21/slim"><record><leader>00416nam--2200157-i-4500</leader><controlfield tag="001">000006786</controlfield><controlfield tag="002">20161230</controlfield><controlfield tag="005">20170127223135</controlfield><controlfield tag="008">060222s1000------------r-----000-0-eng-d</controlfield><datafield ind1=" " ind2=" " tag="080"><subfield code="a">001.8:92</subfield></datafield><datafield ind1=" " ind2=" " tag="245"><subfield code="a">Die beruhmten erfinder physiker und ingenieure</subfield></datafield><datafield ind1=" " ind2=" " tag="260"><subfield code="a">Koln</subfield><subfield code="b">Aulis Verlag Deubner And Co</subfield><subfield code="c">/1964</subfield></datafield><datafield ind1=" " ind2=" " tag="300"><subfield code="a">476 p</subfield></datafield><datafield ind1=" " ind2=" " tag="700"><subfield code="a">Leprince-Ringuet, Louis</subfield></datafield><datafield ind1=" " ind2=" " tag="852"><subfield code="a">19683</subfield></datafield><datafield ind1=" " ind2=" " tag="CAT"><subfield code="a">SYS</subfield><subfield code="c">20170127</subfield><subfield code="h">223135</subfield></datafield></record></collection>